@book{serpanos2011architecture,
  title={Architecture of network systems},
  author={Serpanos, Dimitrios and Wolf, Tilman},
  year={2011},
  publisher={Elsevier}
}

@inproceedings{gill2011understanding,
  title={Understanding network failures in data centers: measurement, analysis, and implications},
  author={Gill, Phillipa and Jain, Navendu and Nagappan, Nachiappan},
  booktitle={Proceedings of the ACM SIGCOMM 2011 Conference},
  year={2011}
}

@inproceedings{perfbugstudy,
  title={Understanding and detecting real-world performance bugs},
  author={Jin, Guoliang and Song, Linhai and Shi, Xiaoming and Scherpelz, Joel and Lu, Shan},
  crossref={PLDI12}
}


@inproceedings{nistor2013toddler,
  title={Toddler: Detecting performance problems via similar memory-access patterns},
  author={Nistor, Adrian and Song, Linhai and Marinov, Darko and Lu, Shan},
  crossref={ICSE13}
}

@inproceedings{nistor2015caramel,
  title={Caramel: Detecting and fixing performance problems that have non-intrusive fixes},
  author={Nistor, Adrian and Chang, Po-Chun and Radoi, Cosmin and Lu, Shan},
  crossref={ICSE15}
}


@inproceedings{sun2016toward,
  title={Toward understanding compiler bugs in GCC and LLVM},
  author={Sun, Chengnian and Le, Vu and Zhang, Qirun and Su, Zhendong},
  crossref={ISSTA16},
  pages={294--305},
  year={2016}
}

@inproceedings{yang2011finding,
  title={Finding and understanding bugs in C compilers},
  author={Yang, Xuejun and Chen, Yang and Eide, Eric and Regehr, John},
  crossref={PLDI11},
}
@misc{user-exp,
	title = {Modern network bugs require fast customer-centric solutions, not patches},
	author = {--},
	note = {\url{https://undo.io/resources/modern-network-bugs-require-solutions-not-patches/}},
	month=mar,
  year = {2021}
}

@article{yin2010towards,
  title={Towards understanding bugs in open source router software},
  author={Yin, Zuoning and Caesar, Matthew and Zhou, Yuanyuan},
  journal={ACM SIGCOMM Computer Communication Review},
  year={2010},
  publisher={ACM New York, NY, USA}
}
@misc{bugzilla,
	title = {Kernel.org Bugzilla-Bug List},
	author = {--},
	note = {\url{https://bugzilla.kernel.org/}},
	month=mar,
  year = {2021}
}


@misc{tcp,
	title = {TRANSMISSION CONTROL PROTOCOL},
	author = {DARPA INTERNET PROGRAM PROTOCOL SPECIFICATION},
	note = {\url{https://tools.ietf.org/html/rfc793}},
	month=sep,
  year = {1981}
}

@misc{ieee-1qau,
  title = {802.1Qau â€“ Congestion Notification},
  author = {IEEE},
  note = {\url{https://1.ieee802.org/dcb/802-1qau/}},
  month=sep,
  year = {1006}
}

@misc{tcp-wiki,
	title = {Transmission Control Protocol},
	author = {Wikipedia},
	note = {\url{https://en.wikipedia.org/wiki/Transmission_Control_Protocol}},
	month=feb,
  year = {2021}
}

@inproceedings{facebook-dc,
  title={Facebook's data center network architecture},
  author={Farrington, Nathan and Andreyev, Alexey},
  booktitle={2013 Optical Interconnects Conference},
  year={2013},
  organization={Citeseer}
}

@inproceedings{mapreduce,
  title={MapReduce online},
  author={Condie, Tyson and Conway, Neil and Alvaro, Peter and Hellerstein, Joseph M and Elmeleegy, Khaled and Sears, Russell},
  crossref={NSDI10}
}

@inproceedings{spark,
  title={Resilient distributed datasets: A fault-tolerant abstraction for in-memory cluster computing},
  author={Zaharia, Matei and Chowdhury, Mosharaf and Das, Tathagata and Dave, Ankur and Ma, Justin and McCauly, Murphy and Franklin, Michael J and Shenker, Scott and Stoica, Ion},
  crossref={NSDI12}
}

@inproceedings{dctcp,
  title={Data center TCP (DCTCP)},
  author={Alizadeh, Mohammad and Greenberg, Albert and Maltz, David A and Padhye, Jitendra and Patel, Parveen and Prabhakar, Balaji and Sengupta, Sudipta and Sridharan, Murari},
  crossref={SIGCOMM10}
}

@inproceedings{bai2014pac,
  title={PAC: Taming TCP incast congestion using proactive ACK control},
  author={Bai, Wei and Chen, Kai and Wu, Haitao and Lan, Wuwei and Zhao, Yangming},
  booktitle={IEEE 22nd International Conference on Network Protocols},
  year={2014},
}

@inproceedings{chen2015comprehensive,
  title={Comprehensive understanding of TCP Incast problem},
  author={Chen, Wen and Ren, Fengyuan and Xie, Jing and Lin, Chuang and Yin, Kevin and Baker, Fred},
  booktitle={2015 IEEE Conference on Computer Communications (INFOCOM)},
  pages={1688--1696},
  year={2015},
  organization={IEEE}
}

@inproceedings{kachris2013optical,
  title={Optical interconnection networks for data centers},
  author={Kachris, Christoforos and Tomkos, Ioannis},
  booktitle={17th International Conference on Optical Networking Design and Modeling (ONDM)},
  year={2013}
}

@inproceedings{vl2,
  title={VL2: A scalable and flexible data center network},
  author={Greenberg, Albert and Hamilton, James R and Jain, Navendu and Kandula, Srikanth and Kim, Changhoon and Lahiri, Parantap and Maltz, David A and Patel, Parveen and Sengupta, Sudipta},
  crossref={SIGCOMM09}
}

@inproceedings{portland,
  title={Portland: a scalable fault-tolerant layer 2 data center network fabric},
  author={Niranjan Mysore, Radhika and Pamboris, Andreas and Farrington, Nathan and Huang, Nelson and Miri, Pardis and Radhakrishnan, Sivasankar and Subramanya, Vikram and Vahdat, Amin},
  crossref={SIGCOMM09}
}

@article{fat-tree,
  title={A scalable, commodity data center network architecture},
  author={Al-Fares, Mohammad and Loukissas, Alexander and Vahdat, Amin},
  journal={ACM SIGCOMM computer communication review},
  year={2008},
}

@article{hammadi2014survey,
  title={A survey on architectures and energy efficiency in data center networks},
  author={Hammadi, Ali and Mhamdi, Lotfi},
  journal={Computer Communications},
  year={2014},
}

@inproceedings{bcube,
  title={BCube: a high performance, server-centric network architecture for modular data centers},
  author={Guo, Chuanxiong and Lu, Guohan and Li, Dan and Wu, Haitao and Zhang, Xuan and Shi, Yunfeng and Tian, Chen and Zhang, Yongguang and Lu, Songwu},
  crossref={SIGCOMM09}
}

@inproceedings{dcell,
  title={Dcell: a scalable and fault-tolerant network structure for data centers},
  author={Guo, Chuanxiong and Wu, Haitao and Tan, Kun and Shi, Lei and Zhang, Yongguang and Lu, Songwu},
  crossref={SIGCOMM08}
}

@inproceedings{ficonn,
  title={FiConn: Using backup port for server interconnection in data centers},
  author={Li, Dan and Guo, Chuanxiong and Wu, Haitao and Tan, Kun and Zhang, Yongguang and Lu, Songwu},
  crossref={INFOCOM09}
}

@article{padhye2000modeling,
  title={Modeling TCP Reno performance: a simple model and its empirical validation},
  author={Padhye, Jitendra and Firoiu, Victor and Towsley, Donald F and Kurose, James F},
  journal={IEEE/ACM transactions on Networking},
  year={2000},
}

@inproceedings{tcp-compare,
  title={Analytic models and comparative study of the latency and steady-state throughput of TCP Tahoe, Reno and SACK},
  author={Sikdar, Biplab and Kalyanaraman, Shivkumar and Vastola, Kenneth S},
  booktitle={IEEE Global Telecommunications Conference},
  year={2001},
  organization={IEEE}
}

@article{alipio2019tcp,
  title={TCP incast solutions in data center networks: A classification and survey},
  author={Alipio, Melchizedek and Tiglao, Nestor Michael and Bokhari, Fawaz and Khalid, Salman},
  journal={Journal of Network and Computer Applications},
}

@inproceedings{podlesny2011application,
  title={An application-level solution for the TCP-incast problem in data center networks},
  author={Podlesny, Maxim and Williamson, Carey},
  booktitle={2011 IEEE Nineteenth IEEE International Workshop on Quality of Service},
  year={2011},
  organization={IEEE}
}

@article{luo2016aaic,
  title={AAIC: adaptive-sliding-connection-window solution to TCP incast from application layer},
  author={Luo, Jintang and Yang, Xiaolong and Xu, Jie and Sun, Jian},
  journal={IEEE Communications Letters},
  year={2016},
  publisher={IEEE}
}

@inproceedings{podlesny2012solving,
  title={Solving the tcp-incast problem with application-level scheduling},
  author={Podlesny, Maxim and Williamson, Carey},
  booktitle={2012 IEEE 20th International Symposium on Modeling, Analysis and Simulation of Computer and Telecommunication Systems},
  year={2012},
  organization={IEEE}
}

@inproceedings{phanishayee2008measurement,
  title={Measurement and Analysis of TCP Throughput Collapse in Cluster-based Storage Systems.},
  author={Phanishayee, Amar and Krevat, Elie and Vasudevan, Vijay and Andersen, David G and Ganger, Gregory R and Gibson, Garth A and Seshan, Srinivasan},
  booktitle={FAST},
  year={2008}
}

@article{lu2017sdtcp,
  title={SDTCP: Towards datacenter TCP congestion control with SDN for IoT applications},
  author={Lu, Yifei and Ling, Zhen and Zhu, Shuhong and Tang, Ling},
  journal={Sensors},
  year={2017},
  publisher={Multidisciplinary Digital Publishing Institute}
}

@inproceedings{alizadeh2008data,
  title={Data center transport mechanisms: Congestion control theory and IEEE standardization},
  author={Alizadeh, Mohammad and Atikoglu, Berk and Kabbani, Abdul and Lakshmikantha, Ashvin and Pan, Rong and Prabhakar, Balaji and Seaman, Mick},
  booktitle={2008 46th Annual Allerton Conference on Communication, Control, and Computing},
  year={2008},
  organization={IEEE}
}

@inproceedings{kabbani2010af,
  title={AF-QCN: Approximate fairness with quantized congestion notification for multi-tenanted data centers},
  author={Kabbani, Abdul and Alizadeh, Mohammad and Yasuda, Masato and Pan, Rong and Prabhakar, Balaji},
  booktitle={2010 18th ieee symposium on high performance interconnects},
  year={2010},
  organization={IEEE}
}


@article{pan2003approximate,
  title={Approximate fairness through differential dropping},
  author={Pan, Rong and Breslau, Lee and Prabhakar, Balaji and Shenker, Scott},
  journal={ACM SIGCOMM Computer Communication Review},
  year={2003},
  publisher={ACM New York, NY, USA}
}


@article{pan2007qcn,
  title={QCN: Quantized congestion notification},
  author={Pan, Rong and Prabhakar, Balaji and Laxmikantha, Ashvin},
  journal={IEEE802},
  year={2007}
}

@article{alizadeh2013pfabric,
  title={pfabric: Minimal near-optimal datacenter transport},
  author={Alizadeh, Mohammad and Yang, Shuang and Sharif, Milad and Katti, Sachin and McKeown, Nick and Prabhakar, Balaji and Shenker, Scott},
  journal={ACM SIGCOMM Computer Communication Review},
  year={2013},
  publisher={ACM New York, NY, USA}
}

@article{d2tcp,
  title={Deadline-aware datacenter tcp (d2tcp)},
  author={Vamanan, Balajee and Hasan, Jahangir and Vijaykumar, TN},
  journal={ACM SIGCOMM Computer Communication Review},
  year={2012},
  publisher={ACM New York, NY, USA}
}

@inproceedings{edctcp,
  title={Enhanced DCTCP to explicitly inform of packet loss},
  author={Huang, Yucong and Hu, Bing},
  booktitle={2015 IEEE International Conference on Communications (ICC)},
  year={2015},
  organization={IEEE}
}

@inproceedings{zhang2011mitigating,
  title={On mitigating TCP incast in data center networks},
  author={Zhang, Yan and Ansari, Nirwan},
  booktitle={2011 Proceedings IEEE INFOCOM},
  pages={51--55},
  year={2011},
  organization={IEEE}
}

@article{ictcp,
  title={ICTCP: Incast congestion control for TCP in data-center networks},
  author={Wu, Haitao and Feng, Zhenqian and Guo, Chuanxiong and Zhang, Yongguang},
  journal={IEEE/ACM transactions on networking},
  volume={21},
  number={2},
  pages={345--358},
  year={2012},
  publisher={IEEE}
}

@inproceedings{zhang2015osdt,
  title={OSDT: A scalable application-level scheduling scheme for TCP Incast problem},
  author={Zhang, Shuli and Zhang, Yan and Qin, Yifang and Han, Yanni and Zhao, Zhijun and Ci, Song},
  booktitle={2015 IEEE International Conference on Communications (ICC)},
  year={2015},
  organization={IEEE}
}

@inproceedings{meng2010improving,
  title={Improving the scalability of data center networks with traffic-aware virtual machine placement},
  author={Meng, Xiaoqiao and Pappas, Vasileios and Zhang, Li},
  booktitle={2010 Proceedings IEEE INFOCOM},
  pages={1--9},
  year={2010},
  organization={IEEE}
}
