%% www-section: category
%% www-git    : code url
%% www-url    : proj webpage

@string{sec-auditing = "Auditing"}
@string{sec-recovery = "Recovery"}
@string{sec-system   = "System Security"}
@string{sec-sandbox  = "Sandbox"}
@string{sec-testing  = "Testing"}

%% 2017

@phdthesis{wei:phd-thesis-2017,
 author = {Meng, Wei},
 title  = {Identifying and Mitigating Threats from Embedding Third-Party Content},
 year   = 2017,
 school = {Georgia Institute of Technology}
}

@InProceedings{sp12:lap,
  title         = {{LAP: Lightweight Anonymity and Privacy}},
  author        = {Hsu-Chun Hsiao and Tiffany Hyun-Jin Kim and Adrian Perrig and Akira Yamada and Samuel C. Nelson and Marco Gruteser and Wei Meng},
  crossref      = {SP12},
}

@InProceedings{nsdi13:gpu,
  title         = {{Wire Speed Name Lookup: A GPU-based Approach}},
  author        = {Yi Wang and Yuan Zu and Ting Zhang and Kunyang Peng and Qunfeng Dong and Bin Liu and Wei Meng and Huichen Dai and Xin Tian and Zhonghu Xu and Hao Wu and Di Yang},
  crossref      = {NSDI13}
}

@InProceedings{sec13:pollution-attack,
 author   = {Xing, Xinyu and Meng, Wei and Doozan, Dan and Snoeren, Alex C. and Feamster, Nick and Lee, Wenke},
 title    = {Take This Personally: Pollution Attacks on Personalized Services},
 crossref = {SEC13}
}

@article{network13:gpu-encoding,
  title = {{GPU-accelerated Name Lookup with Component Encoding}},
  author = {Yi Wang and Huichen Dai and Ting Zhang and Wei Meng and Jindou Fan and Bin Liu},
  journal = {Computer Networks},
  issue_date = {November, 2013},
  volume = {57},
  number = {16},
  month = nov,
  year = {2013},
  pages = {3165-3177},
  numpages = {13}
}


@inproceedings{pam14:bobble,
 author    = {Xing, Xinyu and Meng, Wei and Doozan, Dan and Feamster, Nick and Lee, Wenke and Snoeren, Alex C.},
 title     = {Exposing Inconsistent Web Search Results with Bobble},
 booktitle = {Proceedings of the 15th International Conference on Passive and Active Measurement (PAM)},
 month     = mar,
 year      = {2014},
 address   = {Los Angeles, CA}
}

@InProceedings{ccs14:ad-pollution-attack,
 author   = {Meng, Wei and Xing, Xinyu and Sheth, Anmol and Weinsberg, Udi and Lee, Wenke},
 title    = {Your Online Interests: Pwned! A Pollution Attack Against Targeted Advertising},
 crossref = {CCS14}
}

@InProceedings{www15:ad-extension,
 author   = {Xing, Xinyu and Meng, Wei and Lee, Byoungyoung and Weinsberg, Udi and Sheth, Anmol and Perdisci, Roberto and Lee, Wenke},
 title    = {Understanding Malvertising Through Ad-Injecting Browser Extensions},
 crossref = {WWW15}
}

@inproceedings{ndss16:mobile-ad,
 title    = {The Price of Free: Privacy Leakage in Personalized Mobile In-Apps Ads},
 author   = {Meng, Wei and Ding, Ren and Chung, Simon P and Han, Steven and Lee, Wenke},
 crossref = {NDSS16}
}

@InProceedings{www16:trackmeornot,
 author   = {Meng, Wei and Lee, Byoungyoung and Xing, Xinyu and Lee, Wenke},
 title    = {{TrackMeOrNot}: Enabling Flexible Control on Web Tracking},
 crossref = {WWW16}
}

@InProceedings{sec18:rampart,
 author   = {Meng, Wei and Qian, Chenxiong and Hao, Shuang and Borgolte, Kevin and Vigna, Giovanni and Kruegel, Christopher and Lee, Wenke},
 title    = {Rampart: Protecting Web Applications from CPU-Exhaustion Denial-of-Service Attacks},
 crossref = {SEC18}
}

@InProceedings{www19:madlife,
  title         = {Revisiting Mobile Advertising Threats with MAdLife},
  author        = {Chen, Gong and Meng, Wei and Copeland, John},
  crossref      = {WWW19},
}

@InProceedings{sec19:click-interception,
 title    = {All Your Clicks Belong to Me: Investigating Click Interception on the Web},
 author   = {Zhang, Mingxue and Meng, Wei and Lee, Sangho and Lee, Byoungyoung and Xing, Xinyu},
 crossref = {SEC19}
}

@InProceedings{ccs19:js-conflict,
 title    = {POSTER: Finding JavaScript Name Conflicts on the Web},
 author   = {Mingxue Zhang and Wei Meng and Yi Wang},
 crossref = {CCS19}
}

@InProceedings{ccs19:cryptojacking,
 title    = {POSTER: Detecting WebAssembly-based Cryptocurrency Mining},
 author   = {Weikang Bian and Wei Meng and Yi Wang},
 crossref = {CCS19}
}

@InProceedings{www20:cryptojacking,
 title    = {{MineThrottle}: Defending against Wasm In-Browser Cryptojacking},
 author   = {Weikang Bian and Wei Meng and Mingxue Zhang},
 crossref = {WWW20}
}

@InProceedings{fse20:js-conflict,
 title    = {Detecting and Understanding JavaScript Global Identifier Conflicts on the Web},
 author   = {Mingxue Zhang and Wei Meng},
 crossref = {ESECFSE20}
}
