@misc{dd-wrt,
	title = {DD-WRT},
    author={--},
	note = {\url{https://dd-wrt.com/}},
	month=apr,
    year = {2021}
}
@misc{afl,
    title={american fuzzy lop},
    note={\url{https://github.com/google/AFL}},
    author={Michal Zalewski},
    year=2021,
}

@misc{gitlab-user,
    title={Is it any good?},
    note={\url{https://about.gitlab.com/is-it-any-good/}},
    author={GitLab},
    year=2021,
}

@misc{bitbucket-user,
    title={Celebrating 10 million Bitbucket Cloud registered users},
    note={\url{https://bitbucket.org/blog/celebrating-10-million-bitbucket-cloud-registered-users}},
    author={Kelvin Yap},
    year=2019,
}


@misc{afl-cov,
    title={afl-cov - AFL Fuzzing Code Coverage},
    note={\url{https://github.com/mrash/afl-cov}},
    author={mrash},
    year=2021,
}

@inproceedings{superion,
  title={Superion: Grammar-aware greybox fuzzing},
  author={Wang, Junjie and Chen, Bihuan and Wei, Lei and Liu, Yang},
  crossref={ICSE19}
}

@misc{libfuzzer,
    title={libFuzzer},
    note={\url{https://hammer-vlsi.readthedocs.io/en/stable/LibFuzzer.html}},
    author={LLVM},
    year=2021,
}


@misc{php-hash,
    title={PHP Hash},
    note={\url{https://www.php.net/manual/en/function.hash.php}},
    author={PHP},
    year=2021,
}

@misc{gcc,
    title={GCC, the GNU Compiler Collection},
    note={\url{https://gcc.gnu.org/}},
    author={GNU},
    year=2021,
}

@misc{apple-files-app,
    title={Use the Files app on your iPhone, iPad, or iPod touch},
    note={\url{https://support.apple.com/en-hk/HT206481}},
    author={Apple},
    year=2021,
}


@misc{npm-stat-marked,
    title={Download statistics for package marked},
    note={\url{https://npm-stat.com/charts.html?package=marked&from=2021-03-05&to=2021-04-05}},
    author={npm-stat},
    year=2021,
}

@misc{npm-stat-commonmarkjs,
    title={Download statistics for package commonmark},
    note={\url{https://npm-stat.com/charts.html?package=commonmark&from=2021-03-05&to=2021-04-05}},
    author={npm-stat},
    year=2021,
}

@misc{npm-stat-markdown-it,
    title={Download statistics for package commonmark},
    note={\url{https://npm-stat.com/charts.html?package=markdown-it&from=2021-03-05&to=2021-04-05}},
    author={npm-stat},
    year=2021,
}


@misc{lessons,
    title={Lessons from the colorado benefits management sys- tem disaster.},
    note={\url{www.ad-mkt-review.com/publichtml/air/ai200411.html}},
    author={G. E. Morris},
    year=2004,
}

@misc{web-share,
    title={Usage statistics and market share of WordPress},
    note={\url{https://w3techs.com/technologies/details/cm-wordpress}},
    author={W3Techs},
    year=2021,
}

@misc{marked,
    title={Marked},
    note={\url{https://marked.js.org/}},
    author={marked},
    year=2021,
}


@misc{marked-npm,
    title={NPM page of Marked},
    note={\url{https://www.npmjs.com/package/marked}},
    author={marked},
    year=2021,
}

@misc{markdown-it-npm,
    title={NPM page of Markdown-it},
    note={\url{https://www.npmjs.com/package/markdown-it}},
    author={markdown-it},
    year=2021,
}

@misc{cmark-373,
    title={Quadratic behavior with smart quotes},
    note={\url{https://github.com/commonmark/cmark/issues/373}},
    author={nwellnhof},
    year=2020,
}

@misc{cmark-218,
    title={Pathological input: Unclosed inline links},
    note={\url{https://github.com/commonmark/cmark/issues/218}},
    author={mity},
    year=2017,
}

@misc{spec-166,
    title={Quadratic behavior with smart quotes},
    note={\url{https://github.com/commonmark/commonmark-spec/issues/166}},
    author={nwellnhof},
    year=2020,
}

@misc{markdown-it-737,
    title={Parsing <<<<<<â€¦ takes quadratic time},
    note={\url{https://github.com/markdown-it/markdown-it/issues/737}},
    author={andersk},
    year=2020,
}

@misc{oss-fuzz,
    title={OSS-Fuzz},
    note={\url{https://google.github.io/oss-fuzz/}},
    author={Google},
    year=2021,
}
@misc{hugo,
    title={HUGO},
    note={\url{https://gohugo.io/content-management/formats/}},
    author={HUGO},
    year=2021,
}

@misc{mysql-parser-bug,
    title={A Bug in mysql.utilities.common.parser.SlowQueryLog},
    note={\url{https://bugs.mysql.com/bug.php?id=69479}},
    author={Ilya Kazakevich},
    year=2013,
}

@misc{vmware-parser-bug1,
    title={A Bug in JPEG2000 parser of VMware Workstation (15.x) and Horizon Client for Windows (5.x before 5.4.4)},
    note={\url{https://cve.mitre.org/cgi-bin/cvename.cgi?name=CVE-2020-3988}},
    author={The MITRE Corporation},
    year=2020,
}

@misc{vmware-parser-bug2,
    title={A Bug in EMR STRETCHDIBITS parser of VMware Workstation (15.x) and Horizon Client for Windows (5.x before 5.4.4)},
    note={\url{https://cve.mitre.org/cgi-bin/cvename.cgi?name=CVE-2020-3987}},
    author={The MITRE Corporation},
    year=2020,
}

@misc{vmware-parser-bug3,
    title={A Bug in EMF Parser ofVMware Workstation (15.x) and Horizon Client for Windows (5.x before 5.4.4)},
    note={\url{https://cve.mitre.org/cgi-bin/cvename.cgi?name=CVE-2020-3986}},
    author={The MITRE Corporation},
    year=2020,
}

@misc{CVE-2020-9489,
    title={A Bug in Tika's OneNote Parser},
    note={\url{https://cve.mitre.org/cgi-bin/cvename.cgi?name=CVE-2020-9489}},
    author={The MITRE Corporation},
    year=2020,
}

@misc{CVE-2020-12885,
    title={A Bug in the CoAP parser of Arm Mbed OS 5.15.3},
    note={\url{https://cve.mitre.org/cgi-bin/cvename.cgi?name=CVE-2020-12885}},
    author={The MITRE Corporation},
    year=2020,
}

@misc{CVE-2017-14399,
    title={A Bug in DNS parser before YADIFA before 2.2.6},
    note={\url{https://cve.mitre.org/cgi-bin/cvename.cgi?name=CVE-2017-14399}},
    author={The MITRE Corporation},
    year=2017,
}

@misc{CVE-2020-7793,
    title={A Bug in package ua-parser-js before 0.7.23},
    note={\url{https://cve.mitre.org/cgi-bin/cvename.cgi?name=CVE-2020-7793}},
    author={The MITRE Corporation},
    year=2020,
}

@misc{CVE-2020-7662,
    title={A Bug in websocket-extensions npm module prior to 0.1.4},
    note={\url{https://cve.mitre.org/cgi-bin/cvename.cgi?name=CVE-2020-7662}},
    author={The MITRE Corporation},
    year=2020,
}

@misc{clang,
    title={Clang: a C language family frontend for LLVM},
    note={\url{https://clang.llvm.org/}},
    author={Clang},
    year=2021,
}

@misc{php,
    title={PHP scripting language},
    note={\url{https://www.php.net/}},
    author={PHP},
    year=2021,
}

@misc{xml-dos-cve,
    title={CVE-2014-5266},
    note={\url{https://cve.mitre.org/cgi-bin/cvename.cgi?name=CVE-2014-5266}},
    author={MITRE},
    year=2021,
}

@misc{markdown,
    title={Markdown},
    note={\url{http://www.aaronsw.com/weblog/001189}},
    author={Swartz and John Gruber},
    year=2014,
}

@misc{github,
    title={GitHub},
    note={\url{https://github.com/}},
    author={GitHub},
    year=2021,
}

@misc{github-markdown,
    title={GitHub Markdown Guides},
    note={\url{https://guides.github.com/features/mastering-markdown/}},
    author={GitHub},
    year=2021,
}

@misc{gitlab,
    title={GitLab},
    note={\url{https://gitlab.com/}},
    author={GitLab},
    year=2021,
}

@misc{bitbucket,
    title={BitBucket},
    note={\url{https://bitbucket.org/product/}},
    author={BitBucket},
    year=2021,
}

@misc{gitlab-markdown,
    title={GitLab Markdown},
    note={\url{https://docs.gitlab.com/ee/user/markdown.html}},
    author={GitLab},
    year=2021,
}

@misc{cms-share,
    title={Open-source CMS Market Share},
    note={\url{https://www.opensourcecms.com/cms-market-share/}},
    author={opensourcecms},
    year=2021,
}

@misc{wordpress,
    title={WordPress}, 
    note={\url{https://wordpress.com/}},
    author={WordPress},
    year=2021,
}

@misc{wordpress-markdown,
    title={WordPress Support: Markdown Block},
    note={\url{https://wordpress.com/support/wordpress-editor/blocks/markdown-block/}},
    author={WordPress},
    year=2021,
}

@misc{commonmark-spec,
    title={commark-spec},
    note={\url{https://github.com/commonmark/commonmark-spec}},
    author={commonmark.org},
    year=2021,
}

@misc{commonmark-spec-list,
    title={List of CommonMark Implementations},
    note={\url{https://github.com/commonmark/commonmark-spec/wiki/List-of-CommonMark-Implementations}},
    author={commonmark.org},
    year=2021,
}

@misc{cmark,
    title={cmark},
    note={\url{https://github.com/commonmark/cmark}},
    author={cmark},
    year=2021,
}

@misc{commonmarkjs,
    title={commonmark.js},
    note={\url{https://github.com/commonmark/commonmark.js}},
    author={commonmarkjs},
    year=2021,
}

@misc{cmark-gfm, 
    title={GitHub's markdown compiler: cmark-gfm},
    note={\url{https://github.com/github/cmark-gfm}},
    author={GitHub},
    year=2021,
}

@misc{md4c,
    title={md4c},
    note={\url{https://github.com/mity/md4c}},
    author={md4c},
    year=2021,
}

@misc{markdown-it,
    title={markdown-it},
    note={\url{https://github.com/markdown-it/markdown-it}},
    author={markdown-it},
    year=2021,
}

@inproceedings{crosby2003algodos,
  author = {Crosby, Scott A. and Wallach, Dan S.},
  title = {Denial of Service via Algorithmic Complexity Attacks},
  crossref = {SEC03}
}

@inproceedings{smith2006backtracking,  
  author={R. {Smith} and C. {Estan} and S. {Jha}},  
  title={Backtracking Algorithmic Complexity Attacks against a NIDS},   
  crossref = {ACSAC06}
}

@inproceedings{goldsmith2007measuring,
  author = {Goldsmith, Simon F. and Aiken, Alex S. and Wilkerson, Daniel S.},
  title = {Measuring Empirical Computational Complexity},
  crossref = {ESECFSE07}
}

@inproceedings{slowfuzz,
  author = {Petsios, Theofilos and Zhao, Jason and Keromytis, Angelos D. and Jana, Suman},
  title = {SlowFuzz: Automated Domain-Independent Detection of Algorithmic Complexity Vulnerabilities},
  crossref = {CCS17}
}


@inproceedings{peng2018tfuzz,
	author = {Hui Peng and Yan Shoshitaishvili and Mathias Payer},
	title = {T-Fuzz: Fuzzing by Program Transformation},
	crossref = {SP18}
}


@inproceedings{redosimpact,
  title={The impact of regular expression denial of service (ReDoS) in practice: an empirical study at the ecosystem scale},
  author={Davis, James C and Coghlan, Christy A and Servant, Francisco and Lee, Dongyoon},
  crossref = {ESECFSE18}
}

@inproceedings{singularity,
	author = {Jiayi Wei and Jia Chen and Yu Feng and Kostas Ferles and Isil Dillig},
	title = {Singularity: pattern fuzzing for worst case complexity},
	crossref = {ESECFSE18}
}

@inproceedings{freezing,
  title={Freezing the web: A study of redos vulnerabilities in javascript-based web servers},
  author={Staicu, Cristian-Alexandru and Pradel, Michael},
  crossref = {SEC18}
}


@inproceedings{perffuzz,
	author = {Caroline Lemieux and Rohan Padhye and Koushik Sen and Dawn Song},
	title = {PerfFuzz: automatically generating pathological inputs},
	crossref = {ISSTA18}
}

@inproceedings{sun2016toward,
  title={Toward understanding compiler bugs in GCC and LLVM},
  author={Sun, Chengnian and Le, Vu and Zhang, Qirun and Su, Zhendong},
  crossref={ISSTA16},
  pages={294--305},
  year={2016}
}

@inproceedings{brumley2008automatic,
  title={Automatic patch-based exploit generation is possible: Techniques and implications},
  author={Brumley, David and Poosankam, Pongsin and Song, Dawn and Zheng, Jiang},
  crossref={SP08}
}

@inproceedings{you2017semfuzz,
  title={Semfuzz: Semantics-based automatic generation of proof-of-concept exploits},
  author={You, Wei and Zong, Peiyuan and Chen, Kai and Wang, XiaoFeng and Liao, Xiaojing and Bian, Pan and Liang, Bin},
  crossref={CCS17}
}

@inproceedings{liu2021revealer,
  title={Revealer: Detecting and Exploiting Regular Expression Denial-of-Service Vulnerabilities},
  author={Liu, Yinxi and Zhang, Mingxue and Meng, Wei},
  crossref={SP21}
}

@inproceedings{shen2018rescue,
  title={Rescue: Crafting regular expression dos attacks},
  author={Shen, Yuju and Jiang, Yanyan and Xu, Chang and Yu, Ping and Ma, Xiaoxing and Lu, Jian},
  crossref={ASE18}
}

@InProceedings{rampart,
 author   = {Meng, Wei and Qian, Chenxiong and Hao, Shuang and Borgolte, Kevin and Vigna, Giovanni and Kruegel, Christopher and Lee, Wenke},
 title    = {Rampart: Protecting Web Applications from CPU-Exhaustion Denial-of-Service Attacks},
 crossref = {SEC18}
}

@inproceedings{perfbugstudy,
  title={Understanding and detecting real-world performance bugs},
  author={Jin, Guoliang and Song, Linhai and Shi, Xiaoming and Scherpelz, Joel and Lu, Shan},
  crossref={PLDI12}
}

@inproceedings{killian2010finding,
  title={Finding latent performance bugs in systems implementations},
  author={Killian, Charles and Nagaraj, Karthik and Pervez, Salman and Braud, Ryan and Anderson, James W and Jhala, Ranjit},
  crossref={FSE10},
}

@inproceedings{s2e,
author = {Chipounov, Vitaly and Kuznetsov, Volodymyr and Candea, George},
title = {S2E: A Platform for in-Vivo Multi-Path Analysis of Software Systems},
crossref={ASPLOS11}
}

@inproceedings{liu2014characterizing,
  title={Characterizing and detecting performance bugs for smartphone applications},
  author={Liu, Yepang and Xu, Chang and Cheung, Shing-Chi},
  crossref={ICSE14},
}

@article{diwan2011traceanalyzer,
  title={Traceanalyzer: a system for processing performance traces},
  author={Diwan, Amer and Hauswirth, Matthias and Mytkowicz, Todd and Sweeney, Peter F},
  journal={Software: Practice and Experience},
  year={2011},
  publisher={Wiley Online Library}
}

@inproceedings{guo2013characterizing,
  title={Characterizing and detecting resource leaks in Android applications},
  author={Guo, Chaorong and Zhang, Jian and Yan, Jun and Zhang, Zhiqiang and Zhang, Yanli},
  crossref={ASE13}
}

@inproceedings{xiao2013context,
  title={Context-sensitive delta inference for identifying workload-dependent performance bottlenecks},
  author={Xiao, Xusheng and Han, Shi and Zhang, Dongmei and Xie, Tao},
  crossref={ISSTA13}
}

@inproceedings{hotfuzz,
	author = {William Blair and Andrea Mambretti and Sajjad Arshad and Michael Weissbacher and William Robertson and Engin Kirda and Manuel Egele},
	title = {{HotFuzz}: Discovering Algorithmic Denial-of-Service Vulnerabilities Through Guided Micro-Fuzzing},
	crossref = {NDSS20}
}

@inproceedings{laurent2016taming,
  title={Taming context-sensitive languages with principled stateful parsing},
  author={Laurent, Nicolas and Mens, Kim},
  booktitle={Proceedings of the 2016 ACM SIGPLAN International Conference on Software Language Engineering},
  pages={15--27},
  year={2016}
}

@book{parsing-techniques,
    title={Parsing Techniques},
    author={Grune, Dick and Jacobs, Ceriel J.H.},
    year = {2008},
    publisher={Springer}
}

@article{chomsky1956three,
  title={Three models for the description of language},
  author={Chomsky, Noam},
  journal={IRE Transactions on information theory},
  year={1956},
  publisher={IEEE}
}

@book{finite-automata,
    title={Finite Automata},
    author={Mark V. Lawson},
    year = {2003},
    publisher={CRC Press},

}

@inproceedings{weideman2016analyzing,
  title={Analyzing matching time behavior of backtracking regular expression matchers by using ambiguity of NFA},
  author={Weideman, Nicolaas and van der Merwe, Brink and Berglund, Martin and Watson, Bruce},
  booktitle={International Conference on Implementation and Application of Automata},
  year={2016},
  organization={Springer}
}

@inproceedings{wustholz2017static,
  title={Static detection of DoS vulnerabilities in programs that use regular expressions},
  author={W{\"u}stholz, Valentin and Olivo, Oswaldo and Heule, Marijn JH and Dillig, Isil},
  crossref={TACAS17}
}

@article{rathnayake2014static,
  title={Static analysis for regular expression exponential runtime via substructural logics},
  author={Rathnayake, Asiri and Thielecke, Hayo},
  journal={CoRR, abs/1405.7058},
  year={2014},
  publisher={Citeseer}
}

@inproceedings{klees2018evaluating,
  title={Evaluating fuzz testing},
  author={Klees, George and Ruef, Andrew and Cooper, Benji and Wei, Shiyi and Hicks, Michael},
  crossref={CCS18}
}

@inproceedings{demoulin2019detecting,
  title={Detecting Application-layer Denial-of-Service Attacks with FineLame},
  author={Demoulin, Henri Maxime and Pedisich, Isaac},
  crossref={ATC19},
}

@inproceedings{durcekova2012sophisticated,
  title={Sophisticated denial of service attacks aimed at application layer},
  author={Durcekova, Veronika and Schwartz, Ladislav and Shahmehri, Nahid},
  booktitle={2012 ELEKTRO},
  year={2012},
  organization={IEEE}
}

@misc{bankloss,
	title = {{Banks Lose Up to \$100K/Hour to Shorter, More Intense DDoS Attacks}},
	author = {Penny Crosman},
	note = {\url{https://www.americanbanker.com/news/banks-lose-up-to-100k-hour-to-shorter-more-intense-ddos-attacks}},
  year = {2015}
}

@proceedings{song2014statistical,
  title={Statistical debugging for real-world performance problems},
  author={Song, Linhai and Lu, Shan},
  crossref={OOPSLA14}
}

@inproceedings{yang2011finding,
  title={Finding and understanding bugs in C compilers},
  author={Yang, Xuejun and Chen, Yang and Eide, Eric and Regehr, John},
  crossref={PLDI11},
}

@inproceedings{zaman2012qualitative,
  title={A qualitative study on performance bugs},
  author={Zaman, Shahed and Adams, Bram and Hassan, Ahmed E},
  booktitle={2012 9th IEEE working conference on mining software repositories (MSR)},
  year={2012},
}

@article{jazi2017detecting,
  title={Detecting HTTP-based application layer DoS attacks on web servers in the presence of sampling},
  author={Jazi, Hossein Hadian and Gonzalez, Hugo and Stakhanova, Natalia and Ghorbani, Ali A},
  journal={Computer Networks},
  year={2017},
}

@inproceedings{nistor2013toddler,
  title={Toddler: Detecting performance problems via similar memory-access patterns},
  author={Nistor, Adrian and Song, Linhai and Marinov, Darko and Lu, Shan},
  crossref={ICSE13}
}

@inproceedings{nistor2015caramel,
  title={Caramel: Detecting and fixing performance problems that have non-intrusive fixes},
  author={Nistor, Adrian and Chang, Po-Chun and Radoi, Cosmin and Lu, Shan},
  crossref={ICSE15}
}

@inproceedings{godefroid:compositional,
  title={Compositional dynamic test generation},
  author={Godefroid, Patrice},
  crossref={POPL07}
}

@inproceedings{godefroid:higher,
  title={Higher-order test generation},
  author={Godefroid, Patrice},
  crossref={PLDI11}
}

@inproceedings{li2011klover,
  title={KLOVER: A symbolic execution and automatic test generation tool for C++ programs},
  author={Li, Guodong and Ghosh, Indradeep and Rajan, Sreeranga P},
  crossref={CAV11}
}

@inproceedings{holler2012fuzzing,
  title={Fuzzing with code fragments},
  author={Holler, Christian and Herzig, Kim and Zeller, Andreas},
  crossref={SEC12}
}

@inproceedings{wang2017skyfire,
  title={Skyfire: Data-driven seed generation for fuzzing},
  author={Wang, Junjie and Chen, Bihuan and Wei, Lei and Liu, Yang},
  crossref={SP17}
}

@inproceedings{stephens2016driller,
  title={Driller: Augmenting Fuzzing Through Selective Symbolic Execution.},
  author={Stephens, Nick and Grosen, John and Salls, Christopher and Dutcher, Andrew and Wang, Ruoyu and Corbetta, Jacopo and Shoshitaishvili, Yan and Kruegel, Christopher and Vigna, Giovanni},
  crossref={NDSS16},
}

@inproceedings{kim2020hfl,
  title={HFL: Hybrid fuzzing on the linux kernel},
  author={Kim, Kyungtae and Jeong, Dae R and Kim, Chung Hwan and Jang, Yeongjin and Shin, Insik and Lee, Byoungyoung},
  crossref={NDSS20}
}

@inproceedings{chou2001empirical,
  title={An empirical study of operating systems errors},
  author={Chou, Andy and Yang, Junfeng and Chelf, Benjamin and Hallem, Seth and Engler, Dawson},
  crossref={SOSP01}
}

@inproceedings{wen2020memlock,
  title={Memlock: Memory usage guided fuzzing},
  author={Wen, Cheng and Wang, Haijun and Li, Yuekang and Qin, Shengchao and Liu, Yang and Xu, Zhiwu and Chen, Hongxu and Xie, Xiaofei and Pu, Geguang and Liu, Ting},
  crossref={ICSE20}
}

@inproceedings{thurston2006backtracking,
  title={A backtracking LR algorithm for parsing ambiguous context-dependent languages},
  author={Thurston, Adrian D and Cordy, James R},
  booktitle={Proceedings of the 2006 conference of the Center for Advanced Studies on Collaborative research},
  year={2006}
}

@article{parr1995antlr,
  title={ANTLR: A predicated-LL (k) parser generator},
  author={Parr, Terence J. and Quong, Russell W.},
  journal={Software: Practice and Experience},
  year={1995},
  publisher={Wiley Online Library}
}

@book{edgeworth2014ip,
  title={IP routing on Cisco IOS, IOS XE, and IOS XR: an essential guide to understanding and implementing IP routing protocols},
  author={Edgeworth, Bradley and Foss, Aaron and Rios, Ramiro Garza},
  year={2014},
  publisher={Cisco Press}
}
